% This file was created with JabRef 2.9.2.
% Encoding: UTF8

@ELECTRONIC{Kreylos2010,
  author = {Oliver Kreylos},
  year = {2010},
  title = {Augmented Reality Sandbox},
  url = {http://idav.ucdavis.edu/~okreylos/ResDev/SARndbox/index.html},
  owner = {mpseadmin},
  timestamp = {2013.05.23}
}

@ELECTRONIC{Krueger2005,
  author = {Jens Krüger, Peter Kipfer, Polina Kondratieva, Rüdiger Westermann},
  year = {2005},
  title = {A Particle System for Interactive Visualization of 3D Flows},
  url = {http://wwwcg.in.tum.de/fileadmin/user_upload/Lehrstuehle/Lehrstuhl_XV/Research/Publications/2005/tvcg05.pdf},
  owner = {mpseadmin},
  timestamp = {2013.10.08}
}

@ELECTRONIC{Pfaff2009,
  author = {Tobias Pfaff, Nils Thuerey, Andrew Selle, Markus Gross},
  year = {2009},
  title = {Synthetic Turbulence using Artificial Boundary Layers},
  url =  {http://graphics.ethz.ch/Downloads/Publications/Papers/2009/Pfa09/Pfa09.pdf},
  owner = {mpseadmin},
  timestamp = {2013.10.08}
}

@ELECTRONIC{Pfaff2010,
  author = {Tobias Pfaff, Nils Thuerey, Jonathan Cohen, Sarah Tariq, Markus Gross},
  year = {2010},
  title = {Scalable Fluid Simulation using Anisotropic Turbulence Particles},
  url = {http://graphics.ethz.ch/Downloads/Publications/Papers/2010/Pfa10/Pfa10.pdf},
  owner = {mpseadmin},
  timestamp = {2013.10.08}
}

